@article{Weng2006,
        author = "S. K. Weng et al",
        title = "Video object tracking using adaptive Kalman filter",
        journal = "J. Vis. Commun. Image R.",
        volume = "17",
        year = "2006",
        pages = "1190--1208",
}

@article{Faragher2012,
	author = "R. Faragher",
	title = "Understanding the Basis of the Kalman Filter Via a Simple and Intuitive Derivation",
	journal = "IEEE SIGNAL PROCESSING MAGAZINE",
	year = "2012",
	pages = "128--132"
}

@misc{Kleeman,
	author    = "L. Kleeman",
	title     = "Understanding and Applying	Kalman Filtering",
	url       = "http://biorobotics.ri.cmu.edu/papers/sbp_papers/integrated3/kleeman_kalman_basics.pdf"
}